%YAML 1.1
%TAG !u! tag:unity3d.com,2011:
--- !u!1001 &100100000
Prefab:
  m_ObjectHideFlags: 1
  serializedVersion: 2
  m_Modification:
    m_TransformParent: {fileID: 0}
    m_Modifications: []
    m_RemovedComponents: []
  m_ParentPrefab: {fileID: 0}
  m_RootGameObject: {fileID: 1395197853047172}
  m_IsPrefabParent: 1
--- !u!1 &1395197853047172
GameObject:
  m_ObjectHideFlags: 0
  m_PrefabParentObject: {fileID: 0}
  m_PrefabInternal: {fileID: 100100000}
  serializedVersion: 5
  m_Component:
  - component: {fileID: 4308752000880174}
  - component: {fileID: 114461789218311158}
  - component: {fileID: 114412002768892922}
  m_Layer: 0
  m_Name: ProjectContext
  m_TagString: Untagged
  m_Icon: {fileID: 0}
  m_NavMeshLayer: 0
  m_StaticEditorFlags: 0
  m_IsActive: 1
--- !u!4 &4308752000880174
Transform:
  m_ObjectHideFlags: 1
  m_PrefabParentObject: {fileID: 0}
  m_PrefabInternal: {fileID: 100100000}
  m_GameObject: {fileID: 1395197853047172}
  m_LocalRotation: {x: 0, y: 0, z: 0, w: 1}
  m_LocalPosition: {x: 0, y: 0, z: 0}
  m_LocalScale: {x: 1, y: 1, z: 1}
  m_Children: []
  m_Father: {fileID: 0}
  m_RootOrder: 0
  m_LocalEulerAnglesHint: {x: 0, y: 0, z: 0}
--- !u!114 &114412002768892922
MonoBehaviour:
  m_ObjectHideFlags: 1
  m_PrefabParentObject: {fileID: 0}
  m_PrefabInternal: {fileID: 100100000}
  m_GameObject: {fileID: 1395197853047172}
  m_Enabled: 1
  m_EditorHideFlags: 0
  m_Script: {fileID: 11500000, guid: 1ed4ec81f44a441298688ca6aa25ca09, type: 3}
  m_Name: 
  m_EditorClassIdentifier: 
  analyticsManager: {fileID: 114804968516115288, guid: 9e0187f61046142889f4cd689bc48e94,
    type: 2}
  soundStorage: {fileID: 11400000, guid: a7bb23490f34b48059be8eaa1f79b81c, type: 2}
  levelDataManager: {fileID: 11400000, guid: cac4f6e4ba5df4fbfba4cc8accdca927, type: 2}
  gameConfig: {fileID: 11400000, guid: a61fd30d7b5254041b11dc68804e2ec4, type: 2}
  audioPlayer: {fileID: 114155714443588720, guid: 41aff893eca074d8f869de9f788236c6,
    type: 2}
--- !u!114 &114461789218311158
MonoBehaviour:
  m_ObjectHideFlags: 1
  m_PrefabParentObject: {fileID: 0}
  m_PrefabInternal: {fileID: 100100000}
  m_GameObject: {fileID: 1395197853047172}
  m_Enabled: 1
  m_EditorHideFlags: 0
  m_Script: {fileID: 11500000, guid: a4e6589720da476459dc6dd71624b071, type: 3}
  m_Name: 
  m_EditorClassIdentifier: 
  _installers:
  - {fileID: 114412002768892922}
  _installerPrefabs: []
  _scriptableObjectInstallers: []
  _parentNewObjectsUnderContext: 1
  _editorReflectionBakingCoverageMode: 0
  _buildsReflectionBakingCoverageMode: 0
  _settings:
    _ensureDeterministicDestructionOrderOnApplicationQuit: 0
    _displayWarningWhenResolvingDuringInstall: 1
    _validationRootResolveMethod: 0
    _validationErrorResponse: 0
    _signalSettings:
      _defaultSyncMode: 0
      _missingHandlerDefaultResponse: 2
      _requireStrictUnsubscribe: 0
      _defaultAsyncTickPriority: 1
